<?xml version="1.0" encoding="utf-8"?>
<record xmlns="http://www.loc.gov/MARC21/slim" xmlns:xsi="http://www.w3.org/2001/XMLSchema-instance" xsi:schemaLocation="http://www.loc.gov/MARC21/slim http://www.loc.gov/standards/marcxml/schema/MARC21slim.xsd">
	<leader>     nam a22        4500</leader>
	<controlfield tag="001">2627456</controlfield>
	<controlfield tag="003">NNC</controlfield>
	<controlfield tag="006">m        d        </controlfield>
	<controlfield tag="007">cr cn |||m|||a</controlfield>
	<controlfield tag="008">171211s1974    ir      ob    001 0 ara  </controlfield>
	<datafield ind1=" " ind2=" " tag="040">
		<subfield code="a">NNU</subfield>
		<subfield code="b">eng</subfield>
		<subfield code="e">rda</subfield>
		<subfield code="c">NNU</subfield>
	</datafield>
	<datafield ind1="0" ind2=" " tag="041">
		<subfield code="a">ara</subfield>
		<subfield code="a">fre</subfield>
	</datafield>
	<datafield ind1="0" ind2="0" tag="050">
		<subfield code="a">R138</subfield>
		<subfield code="b">.S56 1974</subfield>
	</datafield>
	<datafield ind1="1" ind2=" " tag="100">
		<subfield code="6">880-01</subfield>
		<subfield code="a">Sijistānī, Muḥammad ibn Ṭāhir,</subfield>
		<subfield code="d">active 10th century.</subfield>
	</datafield>
	<datafield ind1="1" ind2="0" tag="240">
		<subfield code="6">880-02</subfield>
		<subfield code="a">Ṣiwān al-ḥikmah.</subfield>
		<subfield code="k">Selections</subfield>
	</datafield>
	<datafield ind1="1" ind2="0" tag="245">
		<subfield code="6">880-03</subfield>
		<subfield code="a">Ṣiwān al-ḥikmah wa-thalāth rasā'il /</subfield>
		<subfield code="c">ta'līf Abū Sulaymān al-Manṭiqī al-Sijistānī ; ḥaqqaqahu wa-qaddam lahu ʻAbd al-Raḥmān Badawī.</subfield>
	</datafield>
	<datafield ind1="3" ind2=" " tag="246">
		<subfield code="a">Muntakhab Ṣiwān al-ḥikmah et trois traités</subfield>
	</datafield>
	<datafield ind1="1" ind2="5" tag="246">
		<subfield code="a">Muntakhab Ṣiwān al-ḥikmah et trois traités</subfield>
	</datafield>
	<datafield ind1=" " ind2=" " tag="260">
		<subfield code="6">880-04</subfield>
		<subfield code="a">Ṭihrān :</subfield>
		<subfield code="b">Bunyād-i Farhang-i Īrān,</subfield>
		<subfield code="c">1974.</subfield>
	</datafield>
	<datafield ind1=" " ind2=" " tag="300">
		<subfield code="a">online resource (397, 44 pages)</subfield>
	</datafield>
	<datafield ind1=" " ind2=" " tag="336">
		<subfield code="a">text</subfield>
		<subfield code="2">rdacontent</subfield>
	</datafield>
	<datafield ind1=" " ind2=" " tag="337">
		<subfield code="a">computer</subfield>
		<subfield code="2">rdamedia</subfield>
	</datafield>
	<datafield ind1=" " ind2=" " tag="338">
		<subfield code="a">online resource</subfield>
		<subfield code="2">rdacarrier</subfield>
	</datafield>
	<datafield ind1=" " ind2=" " tag="500">
		<subfield code="a">Title on added t.p.: Muntakhab Ṣiwān al-ḥikmah et trois traités.</subfield>
	</datafield>
	<datafield ind1=" " ind2=" " tag="500">
		<subfield code="a">Introd. in French and Arabic.</subfield>
	</datafield>
	<datafield ind1=" " ind2=" " tag="500">
		<subfield code="a">Part of the Arabic Collections Online (ACO) project, contributed by Columbia University Libraries.</subfield>
	</datafield>
	<datafield ind1=" " ind2=" " tag="504">
		<subfield code="a">Includes bibliographical references (page 397) and index.</subfield>
	</datafield>
	<datafield ind1="0" ind2=" " tag="505">
		<subfield code="6">880-05</subfield>
		<subfield code="a">Risālah fī al-muḥarrik al-awwal -- Maqālah fī al-kamāl al-khāṣṣ bi-nawʻ al-insān -- Maqālah fī anna al-ajrām al-ʻulawīyah ṭabīʻatahā ṭabīʻat Khāmisah ...</subfield>
	</datafield>
	<datafield ind1=" " ind2=" " tag="533">
		<subfield code="a">Electronic reproduction.</subfield>
		<subfield code="b">New York, N.Y. :</subfield>
		<subfield code="c">New York University,</subfield>
		<subfield code="d">2017.</subfield>
		<subfield code="5">NNU</subfield>
	</datafield>
	<datafield ind1=" " ind2="0" tag="650">
		<subfield code="a">Medicine, Greek and Roman</subfield>
		<subfield code="x">History</subfield>
		<subfield code="v">Early works to 1800.</subfield>
	</datafield>
	<datafield ind1=" " ind2="0" tag="650">
		<subfield code="a">Islamic philosophy</subfield>
		<subfield code="x">History.</subfield>
	</datafield>
	<datafield ind1=" " ind2="0" tag="650">
		<subfield code="a">Islamic philosophy</subfield>
		<subfield code="v">Early works to 1800.</subfield>
	</datafield>
	<datafield ind1=" " ind2="7" tag="650">
		<subfield code="a">Islamic philosophy.</subfield>
		<subfield code="2">fast</subfield>
		<subfield code="0">(OCoLC)fst01730358</subfield>
	</datafield>
	<datafield ind1=" " ind2="7" tag="650">
		<subfield code="a">Medicine, Greek and Roman.</subfield>
		<subfield code="2">fast</subfield>
		<subfield code="0">(OCoLC)fst01015251</subfield>
	</datafield>
	<datafield ind1=" " ind2="7" tag="655">
		<subfield code="a">Early works.</subfield>
		<subfield code="2">fast</subfield>
		<subfield code="0">(OCoLC)fst01411636</subfield>
	</datafield>
	<datafield ind1=" " ind2="7" tag="655">
		<subfield code="a">History.</subfield>
		<subfield code="2">fast</subfield>
		<subfield code="0">(OCoLC)fst01411628</subfield>
	</datafield>
	<datafield ind1="1" ind2=" " tag="700">
		<subfield code="6">880-06</subfield>
		<subfield code="a">Badawī, ʻAbd al-Raḥmān.</subfield>
	</datafield>
	<datafield ind1="2" ind2=" " tag="710">
		<subfield code="a">Columbia University.</subfield>
		<subfield code="b">Libraries.</subfield>
	</datafield>
	<datafield ind1="0" ind2=" " tag="730">
		<subfield code="a">Arabic Collections Online.</subfield>
	</datafield>
	<datafield ind1="0" ind2="8" tag="776">
		<subfield code="6">880-07</subfield>
		<subfield code="i">Online version:</subfield>
		<subfield code="a">Sijistānī, Muḥammad ibn Ṭāhir, 10th cent.</subfield>
		<subfield code="s">Siwan al-hikmah. Selections.</subfield>
		<subfield code="t">Ṣiwān al-ḥikmah wa-thalāth rasā'il.</subfield>
		<subfield code="d">Ṭihrān : Bunyād-i Farhang-i Īrān, 1974</subfield>
		<subfield code="w">(OCoLC)565153768</subfield>
	</datafield>
	<datafield ind1="0" ind2="8" tag="776">
		<subfield code="6">880-08</subfield>
		<subfield code="i">Online version:</subfield>
		<subfield code="a">Sijistānī, Muḥammad ibn Ṭāhir, 10th cent.</subfield>
		<subfield code="s">Siwan al-hikmah. Selections.</subfield>
		<subfield code="t">Ṣiwān al-ḥikmah wa-thalāth rasā'il.</subfield>
		<subfield code="d">Ṭihrān : Bunyād-i Farhang-i Īrān, 1974</subfield>
		<subfield code="w">(OCoLC)609889918</subfield>
	</datafield>
	<datafield ind1="0" ind2="8" tag="776">
		<subfield code="i">Print version:</subfield>
		<subfield code="a">Sijistānī, Muḥammad ibn Ṭāhir, active 10th century.</subfield>
		<subfield code="t">Ṣiwān al-ḥikmah wa-thalāth rasā'il</subfield>
		<subfield code="w">(NNC)2627456</subfield>
		<subfield code="w">(DLC)   76960986 </subfield>
		<subfield code="w">(OCoLC)9882987</subfield>
	</datafield>
	<datafield ind1="4" ind2="0" tag="856">
		<subfield code="u">http://hdl.handle.net/2333.1/6q573tfr</subfield>
	</datafield>
	<datafield ind1="1" ind2=" " tag="880">
		<subfield code="6">100-01/r</subfield>
		<subfield code="a">سجستاني، محمد بن طاهر،</subfield>
		<subfield code="d">active 10th century.</subfield>
	</datafield>
	<datafield ind1="1" ind2="0" tag="880">
		<subfield code="6">240-02/r</subfield>
		<subfield code="a">صوان الحكمة.</subfield>
		<subfield code="k">Selections</subfield>
	</datafield>
	<datafield ind1="1" ind2="0" tag="880">
		<subfield code="6">245-03/r</subfield>
		<subfield code="a">صوان الحکمة وثلاث رسائل /</subfield>
		<subfield code="c">تأليف أبو سليمان المنطقي السجستاني ؛ حققه وقدم له عبد الرحمن بدوي.</subfield>
	</datafield>
	<datafield ind1=" " ind2=" " tag="880">
		<subfield code="6">260-04/r</subfield>
		<subfield code="a">طهران :</subfield>
		<subfield code="b">بنىاد فرهنگ ايران،</subfield>
		<subfield code="c">1974.</subfield>
	</datafield>
	<datafield ind1="0" ind2=" " tag="880">
		<subfield code="6">505-05/r</subfield>
		<subfield code="a">رسالة في المحرك الاول -- مقالة في الكمال الخاص بنوع الانسان  --مقالة في ان الاجرام العلوية طبيعتها طبيعة خامسة ...</subfield>
	</datafield>
	<datafield ind1="1" ind2=" " tag="880">
		<subfield code="6">700-06/r</subfield>
		<subfield code="a">بدوي، عبد الرحمن.</subfield>
	</datafield>
	<datafield ind1="0" ind2="8" tag="880">
		<subfield code="6">776-07/r</subfield>
		<subfield code="i">Online version:</subfield>
		<subfield code="a">سجستاني، محمد بن طاهر، 10ث نت.</subfield>
		<subfield code="s">سون الهكمة. سلتنس.</subfield>
		<subfield code="t">صوان الحكمة وثلاث رسا'ل.</subfield>
		<subfield code="d">طهران : بنيادا فرهنگا ايران، 1974</subfield>
		<subfield code="w">(ل)565153768</subfield>
	</datafield>
	<datafield ind1="0" ind2="8" tag="880">
		<subfield code="6">776-08/r</subfield>
		<subfield code="i">Online version:</subfield>
		<subfield code="a">سجستاني، محمد بن طاهر، 10ث نت.</subfield>
		<subfield code="s">صوان الحكمة. Selections.</subfield>
		<subfield code="t">صوان الحكمة وثلاث رسا'ل.</subfield>
		<subfield code="d">طهران : بنيادا فرهنگا ايران، 1974</subfield>
		<subfield code="w">(ل)609889918</subfield>
	</datafield>
	<datafield ind1=" " ind2=" " tag="959">
		<subfield code="a">NNU</subfield>
		<subfield code="b">WEB</subfield>
		<subfield code="c">GENI</subfield>
		<subfield code="t">0</subfield>
		<subfield code="m">Electronic access</subfield>
		<subfield code="s">01</subfield>
	</datafield>
	<datafield ind1=" " ind2=" " tag="999">
		<subfield code="i">NNC_2627456</subfield>
		<subfield code="o">(OCoLC)ocm09882987</subfield>
		<subfield code="s">columbia_aco002631</subfield>
		<subfield code="e">(ERROR-880)</subfield>
		<subfield code="s">columbia_aco002631</subfield>
	</datafield>
</record>
